<collection xmlns="http://www.loc.gov/MARC21/slim"><record><leader>01342nam  2200337   450</leader><controlfield tag="001">575</controlfield><controlfield tag="003">http://montalegre.opacnet.com/OPAC/default.aspx?ContentAreaControl=ShowRegHoldings.ascx&amp;RegNo=16662</controlfield><controlfield tag="005">20</controlfield><datafield tag="010" ind1=" " ind2=" "><subfield code="a">972-46-1147-7</subfield></datafield><datafield tag="021" ind1=" " ind2=" "><subfield code="a">PT</subfield><subfield code="b">153303/00</subfield></datafield><datafield tag="100" ind1=" " ind2=" "><subfield code="a">20020423d2000    m  y0pory010305  ba</subfield></datafield><datafield tag="101" ind1="0" ind2=" "><subfield code="a">por</subfield></datafield><datafield tag="102" ind1=" " ind2=" "><subfield code="a">PT</subfield></datafield><datafield tag="200" ind1="1" ind2=" "><subfield code="a">&lt;A &gt;loba</subfield><subfield code="f">Bento da Cruz</subfield></datafield><datafield tag="210" ind1=" " ind2=" "><subfield code="a">Lisboa</subfield><subfield code="c">Notícias</subfield><subfield code="d">2000</subfield></datafield><datafield tag="215" ind1=" " ind2=" "><subfield code="a">237 p.</subfield><subfield code="d">21 cm</subfield></datafield><datafield tag="225" ind1="2" ind2=" "><subfield code="a">Obras de Bento da Cruz</subfield></datafield><datafield tag="606" ind1=" " ind2=" "><subfield code="a">Literatura portuguesa</subfield><subfield code="2">Autoridade</subfield><subfield code="3">PT-----------2012041710390005598</subfield></datafield><datafield tag="606" ind1=" " ind2=" "><subfield code="a">Literatura transmontana</subfield><subfield code="2">Autoridade</subfield><subfield code="3">PT-----------2013112515390005976</subfield></datafield><datafield tag="608" ind1=" " ind2=" "><subfield code="a">Romance</subfield><subfield code="2">Autoridade</subfield><subfield code="3">PT9999-00-10-2009040123590005548</subfield></datafield><datafield tag="675" ind1=" " ind2=" "><subfield code="a">821.134.3(469.202)-31</subfield></datafield><datafield tag="700" ind1=" " ind2="1"><subfield code="a">Cruz</subfield><subfield code="b">Bento da</subfield><subfield code="f">1925-</subfield><subfield code="2">Autoridade</subfield><subfield code="3">PT-----------2013051517190005737</subfield></datafield><datafield tag="801" ind1=" " ind2="0"><subfield code="a">PT</subfield><subfield code="b">Biblioteca Municipal de Montalegre</subfield><subfield code="g">RPC</subfield></datafield><datafield tag="856" ind1=" " ind2=" "><subfield code="u">locateMedia.asp?cod=20060518152551&amp;ext=jpg</subfield><subfield code="z">CAPA</subfield></datafield><datafield tag="909" ind1="&#9;" ind2=" "><subfield code="a">8</subfield></datafield><datafield tag="966" ind1=" " ind2=" "><subfield code="a">0015378</subfield><subfield code="l">BMM</subfield><subfield code="s">SCG 821.134.3(469.202) CRU lob</subfield></datafield><datafield tag="966" ind1=" " ind2=" "><subfield code="a">0015379</subfield><subfield code="l">BMM</subfield><subfield code="s">SCG 821.134.3(469.202) CRU lob</subfield></datafield><datafield tag="966" ind1=" " ind2=" "><subfield code="a">0017186</subfield><subfield code="l">BMM-PS</subfield><subfield code="s">PS 821.134.3[469.202) CRU lob</subfield></datafield><datafield tag="966" ind1=" " ind2=" "><subfield code="a">0017187</subfield><subfield code="l">BMM-PS</subfield><subfield code="s">PS 821.134.3(469.202) CRU lob</subfield></datafield><datafield tag="966" ind1=" " ind2=" "><subfield code="a">1001778</subfield><subfield code="l">BEM</subfield><subfield code="s">BEM 821.134.3 CRU</subfield></datafield><datafield tag="966" ind1=" " ind2=" "><subfield code="a">1103809</subfield><subfield code="l">BEBB</subfield><subfield code="s">BEBB 821.134.3 CRU</subfield></datafield><datafield tag="966" ind1=" " ind2=" "><subfield code="a">1002237</subfield><subfield code="l">BEM</subfield><subfield code="s">BEM 821. 134.3 CRU</subfield></datafield><datafield tag="966" ind1=" " ind2=" "><subfield code="a">0019942</subfield><subfield code="l">BMM</subfield><subfield code="s">SCG 821.134.3(469.202)-31 CRU lob</subfield></datafield></record></collection>